<record><leader>00000cas a22000007a 4500</leader><controlfield tag="001">11162297</controlfield><controlfield tag="008">840917d18741889iaucr ne      0    0eng d</controlfield><controlfield tag="009">3768</controlfield><datafield ind1=" " ind2=" " tag="010"><subfield code="a">sn 84038080 </subfield></datafield><datafield ind1=" " ind2=" " tag="040"><subfield code="a">NPX</subfield><subfield code="b">eng</subfield><subfield code="c">NPX</subfield><subfield code="d">INP</subfield></datafield><datafield ind1="1" ind2=" " tag="029"><subfield code="a">AU@</subfield><subfield code="b">000025818381</subfield></datafield><datafield ind1=" " ind2=" " tag="042"><subfield code="a">msc</subfield></datafield><datafield ind1="0" ind2=" " tag="130"><subfield code="a">Columbus safeguard (Columbus Junction, Iowa : 1874)</subfield></datafield><datafield ind1="0" ind2="0" tag="245"><subfield code="a">Columbus safeguard.</subfield></datafield><datafield ind1=" " ind2=" " tag="260"><subfield code="a">Columbus Junction, Iowa :</subfield><subfield code="b">R.H. Moore,</subfield><subfield code="c">1874-1889.</subfield></datafield><datafield ind1=" " ind2=" " tag="300"><subfield code="a">16 v.</subfield></datafield><datafield ind1=" " ind2=" " tag="310"><subfield code="a">Semiweekly,</subfield><subfield code="b">Apr. 30-Aug. 16, 1889</subfield></datafield><datafield ind1=" " ind2=" " tag="321"><subfield code="a">Weekly,</subfield><subfield code="b">Nov. 21, 1874-Apr. 25, 1889</subfield></datafield><datafield ind1="0" ind2=" " tag="362"><subfield code="a">Vol. 4, no. 48 (Nov. 21, 1874)-v. 19, no. 48 (Aug. 16, 1889).</subfield></datafield><datafield ind1=" " ind2=" " tag="500"><subfield code="a">Publisher varies.</subfield></datafield><datafield ind1=" " ind2=" " tag="500"><subfield code="a">Editor: R.H. Moore, &lt;1876&gt;.</subfield></datafield><datafield ind1=" " ind2=" " tag="500"><subfield code="a">"Republican," &lt;1876&gt;.</subfield></datafield><datafield ind1=" " ind2=" " tag="752"><subfield code="a">United States</subfield><subfield code="b">Iowa</subfield><subfield code="c">Louisa</subfield><subfield code="d">Columbus Junction.</subfield></datafield><datafield ind1="0" ind2="0" tag="780"><subfield code="t">Louisa County safeguard</subfield><subfield code="w">(DLC)sn 87058244</subfield></datafield><datafield ind1="0" ind2="5" tag="780"><subfield code="t">Columbus nonpareil</subfield><subfield code="w">(DLC)sn 84038078</subfield></datafield><datafield ind1="0" ind2="0" tag="785"><subfield code="t">Columbus semi-weekly safeguard</subfield><subfield code="w">(DLC)sn 87058245</subfield></datafield></record>